<?xml version="1.0" encoding="UTF-8"?><record xmlns="http://www.loc.gov/MARC21/slim" xmlns:cinclude="http://apache.org/cocoon/include/1.0" xmlns:zs="http://www.loc.gov/zing/srw/">
  <leader>00667cz  a2200157n  4500</leader>
  <controlfield tag="001">n 2011185104</controlfield>
  <controlfield tag="003">DLC</controlfield>
  <controlfield tag="005">20111207075002.0</controlfield>
  <controlfield tag="008">111108n| acannaabn          |a ana      </controlfield>
  <datafield tag="010" ind1=" " ind2=" ">
    <subfield code="a">n 2011185104</subfield>
  </datafield>
  <datafield tag="035" ind1=" " ind2=" ">
    <subfield code="a">(OCoLC)oca09030292</subfield>
  </datafield>
  <datafield tag="040" ind1=" " ind2=" ">
    <subfield code="a">DNLM</subfield>
    <subfield code="b">eng</subfield>
    <subfield code="c">DNLM</subfield>
    <subfield code="d">OCoLC</subfield>
  </datafield>
  <datafield tag="110" ind1="2" ind2=" ">
    <subfield code="a">I.V. Therapy Association of the U.S.A.</subfield>
  </datafield>
  <datafield tag="410" ind1="2" ind2=" ">
    <subfield code="a">I.V. Association of the USA</subfield>
  </datafield>
  <datafield tag="410" ind1="2" ind2=" ">
    <subfield code="a">IV Therapy Association of the USA</subfield>
  </datafield>
  <datafield tag="670" ind1=" " ind2=" ">
    <subfield code="a">Journal of intravenous therapy (Los Angeles, Calif.). Journal of intravenous therapy, May-June 1982:</subfield>
    <subfield code="b">t.p. (I.V. Association of the USA) p. 19, etc. (I.V. Therapy Association of the USA) ; July-Aug. 1982: t.p. (I.V. Therapy Association of theU.S.A.)</subfield>
  </datafield>
</record>